@book{bernardi,
  title={Discr{\'e}tisations variationnelles de probl{\`e}mes aux limites elliptiques},
  author={Bernardi, C. and Maday, Y. and Rapetti, F.},
  isbn={9783540213697},
  series={Math{\'e}matiques et Applications},
  url={https://books.google.fr/books?id=BLFYqcgkCocC},
  year={2004},
  publisher={Springer}
}

@article{guermond,
TITLE   = {An overview of projection methods for incompressible flows},
AUTHOR  = { Guermond, Jean-Luc and Minev, Peter Dimitrov and Shen, Jie},
JOURNAL = {Computer Methods in Applied Mechanics and Engineering},
YEAR    = {2006},
VOLUME  ={195},
PAGES   ={6011-6045}
}

@book{evans,
TITLE     = {Partial Differential Equations: Second Edition},
AUTHOR    = {Evans, Lawrence C.},
ISBN      = {9780821849743},
PUBLISHER = {American Mathematical Society},
}

@book{jpc,
TITLE     = {Physiquement des écoulements continus},
AUTHOR    = {Caltagirone, Jean-Paul},
ISBN      = {9783642395093},
YEAR      = {2013},
PUBLISHER = {Springer}
}


@book{brezis1983,
TITLE     = {Analyse fonctionnelle: th{\'e}orie et applications},
AUTHOR    = {Br{\'e}zis, Haïm},
ISBN      = {9782225771989},
SERIES    = {Collection Math{\'e}matiques appliqu{\'e}es pour la ma{\^i}trise},
URL       = {https://books.google.fr/books?id=7SXvAAAAMAAJ},
YEAR      = {1983},
PUBLISHER = {Masson}
}

@incollection{eymard:hal-02100732,
TITLE     = {{Finite Volume Methods}},
AUTHOR    = {Eymard, Robert and Gallou{\"e}t, Thierry and Herbin, Rapha{\`e}le},
URL       = {https://hal.archives-ouvertes.fr/hal-02100732},
BOOKTITLE = {{Solution of Equation in R\^n (Part 3), Techniques of Scientific Computing (Part 3)}},
EDITOR    = {J. L. Lions and Philippe Ciarlet},
PUBLISHER = {{Elsevier}},
SERIES    = {Handbook of Numerical Analysis},
VOLUME    = {7},
PAGES     = {713-1020},
YEAR      = {2000},
DOI       = {10.1016/S1570-8659(00)07005-8},
KEYWORDS  = {parabolic equations ; hyperbolic equations ; finite volume ; elliptic equations},
PDF       = {https://hal.archives-ouvertes.fr/hal-02100732v2/file/bookevol.pdf},
HAL_ID    = {hal-02100732},
HAL_VERSION = {v2},
}

@article{angot:hal-01583856,
TITLE     = {Asymptotic modeling of transport phenomena at the interface between a fluid and a porous layer: Jump conditions},
AUTHOR    = {Angot, Philippe and Goyeau, Beno{\^i}t and Ochoa-Tapia, J. Alberto},
URL       = {https://hal.archives-ouvertes.fr/hal-01583856},
JOURNAL   = {{Physical Review E }},
PUBLISHER = {{American Physical Society (APS)}},
VOLUME    = {95},
NUMBER    = {6},
YEAR      = {2017},
MONTH     = Jun,
DOI       = {10.1103/PhysRevE.95.063302},
HAL_ID    = {hal-01583856},
HAL_VERSION = {v1},
}

@article{angot:hal-01635289,
TITLE = {{WELL-POSED STOKES/BRINKMAN AND STOKES/DARCY COUPLING REVISITED WITH NEW JUMP INTERFACE CONDITIONS}},
AUTHOR = {Angot, Philippe},
URL = {https://hal.archives-ouvertes.fr/hal-01635289},
NOTE = {Accepted on November 24, 2017},
JOURNAL = {{ESAIM: Mathematical Modelling and Numerical Analysis}},
PUBLISHER = {{EDP Sciences}},
VOLUME = {52},
NUMBER = {5},
PAGES = {1875--1911},
YEAR = {2018},
DOI = {10.1051/m2an/2017060},
KEYWORDS = {Stokes/Darcy problem ; Fluid-porous coupled flow ; jump interface conditions ; tangential velocity jump ; stress vector jump ; Stokes/Brinkman problem},
PDF = {https://hal.archives-ouvertes.fr/hal-01635289/file/m2an_sb_sd_rev.pdf},
HAL_ID = {hal-01635289},
HAL_VERSION = {v1}
}

@article{angot:hal-00476369,
TITLE = {{A fictitious domain model for the Stokes/Brinkman problem with jump embedded boundary conditions}},
AUTHOR = {Angot, Philippe},
URL = {https://hal.archives-ouvertes.fr/hal-00476369},
JOURNAL = {{Comptes rendus de l'Acad{\'e}mie des sciences. S{\'e}rie I, Math{\'e}matique}},
PUBLISHER = {{Elsevier}},
VOLUME = {348},
NUMBER = {11-12},
PAGES = {697-702},
YEAR = {2010},
MONTH = Jun,
KEYWORDS = {Fictitious domain model ; Immersed interface conditions ; Immersed boundary conditions ; Jump embedded boundary conditions ; Stokes/Brinkman problem ; Transmission problem ; Well-posedness ; PDE's},
PDF = {https://hal.archives-ouvertes.fr/hal-00476369/file/CRAS-M_PhA09.pdf},
HAL_ID = {hal-00476369},
HAL_VERSION = {v1},
}

@unpublished{angot:hal-03172378,
TITLE = {{Solvability of the variable-viscosity fluid-porous flows coupled with an optimal stress jump interface condition}},
AUTHOR = {Angot, Philippe},
URL = {https://hal.archives-ouvertes.fr/hal-03172378},
NOTE = {working paper or preprint},
YEAR = {2021},
MONTH = Feb,
KEYWORDS = {Fluid-porous flow ; Stokes/Darcy-Brinkman model ; Stokes/Darcy model ; Variable-viscosity ; Optimal stress jump condition ; Reduction of flow-rate loss ; Well-posedness analysis},
PDF = {https://hal.archives-ouvertes.fr/hal-03172378/file/fluid-porous_solvability.pdf},
HAL_ID = {hal-03172378},
HAL_VERSION = {v1},
}

@article{Guermond2006AnOO,
  title={An overview of projection methods for incompressible flows},
  author={Jean-Luc Guermond and Peter Dimitrov Minev and Jie Shen},
  journal={Computer Methods in Applied Mechanics and Engineering},
  year={2006},
  volume={195},
  pages={6011-6045}
}